@article{Kralj2015emojis,
  author={{Kralj Novak}, Petra and Smailovi{\'c}, Jasmina and Sluban, Borut and Mozeti\v{c}, Igor},
  title={Sentiment of emojis},
  journal={PLoS ONE},
  volume={10},
  number={12},
  pages={e0144296},
  url={http://dx.doi.org/10.1371/journal.pone.0144296},
  year={2015}
}

@misc{MySQLjson,
	title={MySQL JSON Data Type},
	author={ Oracle Corporation},
  	url={https://dev.mysql.com/doc/refman/5.7/en/json.html#json-normalization},
}

@article{DBLP:journals/corr/abs-1305-6143,
  author    = {Vivek Narayanan and
               Ishan Arora and
               Arjun Bhatia},
  title     = {Fast and accurate sentiment classification using an enhanced Naive
               Bayes model},
  journal   = {CoRR},
  volume    = {abs/1305.6143},
  year      = {2013},
  url       = {http://arxiv.org/abs/1305.6143},
  timestamp = {Sun, 02 Jun 2013 20:48:21 +0200},
  biburl    = {http://dblp.uni-trier.de/rec/bib/journals/corr/abs-1305-6143},
  bibsource = {dblp computer science bibliography, http://dblp.org}
}

@mastersthesis{Clustering,
	title={Using Clustering and Sentiment Analysis on Twitter},
	author={Ming-Hsuan Wu},
	school={Faculty of The School of Engineering \& Computing Sciences Texas A\&M University-Corpus Christi Corpus Christi, TX},
	year={2014}
}

@article{CathayPacific,
	title={Cathay Pacific Case Study: Using Social Data to Inform a Global Business},
	author={Hannah Tregear},
	year={2016}
}

@article{Starbucks,
	title={How Starbucks And Other Companies Use Complex Math Algorithms To Read Your Feelings Online},
	author={Julie Bort},
	year={2012}
}

@article{DjangoMTV,
	title={Mastering Django: Core},
	author={Adrian Holovaty and Jacob Kaplan-Moss},
	year={2008}
}


@misc{NaiveBayes,
	title={Text classification for sentiment analysis - stopwords and collocations},
  	url={http://streamhacker.com/2010/05/24/text-classification-sentiment-analysis-stopwords-collocations/},
	note={Available at \url{http://streamhacker.com/2010/05/24/text-classification-sentiment-analysis-stopwords-collocations/}},
}

@misc{Stopwords,
	title={Text classification for sentiment analysis - Naive Bayes classifier},
  	url={http://streamhacker.com/2010/05/10/text-classification-sentiment-analysis-naive-bayes-classifier/},
	note={Available at \url{http://streamhacker.com/2010/05/10/text-classification-sentiment-analysis-naive-bayes-classifier/}},
}

@misc{LowInformationFeatures,
	title={Text classification for sentiment analysis - eliminate low information features},
  	url={http://streamhacker.com/2010/06/16/text-classification-sentiment-analysis-eliminate-low-information-features/},
	note={Available at \url{http://streamhacker.com/2010/06/16/text-classification-sentiment-analysis-eliminate-low-information-features/}},
}

@misc{HierarchicalClassification,
	title={Hierarchical classification },
	url={http://streamhacker.com/2011/01/05/hierarchical-classification/},
	note={Available at \url{http://streamhacker.com/2011/01/05/hierarchical-classification/}},
}

@misc{80PercentAccuracy,
	title={Expert Analysis: Is Sentiment Analysis an 80\% Solution? },
	url={http://www.informationweek.com/software/information-management/expert-analysis-is-sentiment-analysis-an-80--solution/d/d-id/1087919?},
	note={Available at \url{http://www.informationweek.com/software/information-management/expert-analysis-is-sentiment-analysis-an-80--solution/d/d-id/1087919?}},
}
